<?xml version="1.0" encoding="UTF-8"?><collection xmlns="http://www.loc.gov/MARC21/slim"><record><leader>00409nam--2200157-i-4500</leader><controlfield tag="001">000008597</controlfield><controlfield tag="002">20161230</controlfield><controlfield tag="005">20170122224638</controlfield><controlfield tag="008">060222s1000------------r-----000-0-eng-d</controlfield><datafield ind1=" " ind2=" " tag="100"><subfield code="a">Carnet, B</subfield></datafield><datafield ind1=" " ind2=" " tag="245"><subfield code="a">Methode d essais d un convertisseur temps-amplitude</subfield></datafield><datafield ind1=" " ind2=" " tag="260"><subfield code="a">Saclay</subfield><subfield code="b">Centre D Etudes Nucleaires</subfield><subfield code="c">1967</subfield></datafield><datafield ind1=" " ind2=" " tag="300"><subfield code="a">23 p</subfield></datafield><datafield ind1=" " ind2=" " tag="700"><subfield code="a">Sarquiz, M</subfield></datafield><datafield ind1=" " ind2=" " tag="852"><subfield code="a">621.37</subfield></datafield><datafield ind1=" " ind2=" " tag="CAT"><subfield code="a">SYS</subfield><subfield code="c">20170122</subfield><subfield code="h">224638</subfield></datafield></record></collection>